@article{Pinkus_1999, 
    title={Approximation theory of the MLP model in neural networks}, 
    volume={8}, 
    DOI={10.1017/S0962492900002919}, 
    journal={Acta Numerica}, 
    author={Pinkus, Allan}, 
    year={1999}, 
    pages={143–195}
} 


@misc{thomas2018tensorfieldnetworksrotation,
      title={Tensor field networks: Rotation- and translation-equivariant neural networks for 3D point clouds}, 
      author={Nathaniel Thomas and Tess Smidt and Steven Kearnes and Lusann Yang and Li Li and Kai Kohlhoff and Patrick Riley},
      year={2018},
      eprint={1802.08219},
      archivePrefix={arXiv},
      primaryClass={cs.LG},
      url={https://arxiv.org/abs/1802.08219}, 
}

@book{goodman1998representations,
  author = {Goodman, Roe and Wallach, Nolan R.},
  title = {Representations and Invariants of the Classical Groups},
  volume = {68},
  year = {1998},
  publisher = {Cambridge University Press}
}

@book{gilmore2008lie,
  author = {Gilmore, Robert},
  title = {Lie Groups, Physics, and Geometry: An Introduction for Physicists, Engineers and Chemists},
  year = {2008},
  publisher = {Cambridge University Press}
}

@misc{worrall2017harmonicnetworksdeeptranslation,
      title={Harmonic Networks: Deep Translation and Rotation Equivariance}, 
      author={Daniel E. Worrall and Stephan J. Garbin and Daniyar Turmukhambetov and Gabriel J. Brostow},
      year={2017},
      eprint={1612.04642},
      archivePrefix={arXiv},
      primaryClass={cs.CV},
      url={https://arxiv.org/abs/1612.04642}, 
}

@book{Griffiths_Schroeter_2018, place={Cambridge}, edition={3}, title={Introduction to Quantum Mechanics}, publisher={Cambridge University Press}, author={Griffiths, David J. and Schroeter, Darrell F.}, year={2018}}

@misc{schütt2017schnetcontinuousfilterconvolutionalneural,
      title={SchNet: A continuous-filter convolutional neural network for modeling quantum interactions}, 
      author={Kristof T. Schütt and Pieter-Jan Kindermans and Huziel E. Sauceda and Stefan Chmiela and Alexandre Tkatchenko and Klaus-Robert Müller},
      year={2017},
      eprint={1706.08566},
      archivePrefix={arXiv},
      primaryClass={stat.ML},
      url={https://arxiv.org/abs/1706.08566}, 
}

@misc{geometricdeep2022,
    author = {},
  title = {Geometric Deep Learning},
  year = {2022},
  note = {July 25--28, Pescara, Italy},
  howpublished = {First Italian School}
}

@misc{zaheer2018deepsets,
      title={Deep Sets}, 
      author={Manzil Zaheer and Satwik Kottur and Siamak Ravanbakhsh and Barnabas Poczos and Ruslan Salakhutdinov and Alexander Smola},
      year={2018},
      eprint={1703.06114},
      archivePrefix={arXiv},
      primaryClass={cs.LG},
      url={https://arxiv.org/abs/1703.06114}, 
}

@misc{vaswani2023attentionneed,
      title={Attention Is All You Need}, 
      author={Ashish Vaswani and Noam Shazeer and Niki Parmar and Jakob Uszkoreit and Llion Jones and Aidan N. Gomez and Lukasz Kaiser and Illia Polosukhin},
      year={2023},
      eprint={1706.03762},
      archivePrefix={arXiv},
      primaryClass={cs.CL},
      url={https://arxiv.org/abs/1706.03762}, 
}

@misc{gcn_paper,
      title={Semi-Supervised Classification with Graph Convolutional Networks}, 
      author={Thomas N. Kipf and Max Welling},
      year={2017},
      eprint={1609.02907},
      archivePrefix={arXiv},
      primaryClass={cs.LG},
      url={https://arxiv.org/abs/1609.02907}, 
}

@misc{gat_paper,
      title={Graph Attention Networks}, 
      author={Petar Veličković and Guillem Cucurull and Arantxa Casanova and Adriana Romero and Pietro Liò and Yoshua Bengio},
      year={2018},
      eprint={1710.10903},
      archivePrefix={arXiv},
      primaryClass={stat.ML},
      url={https://arxiv.org/abs/1710.10903}, 
}

@online{wikipedia-datap,
  title = {Đa tạp},
  year = {2024},
  url = {https://vi.wikipedia.org/wiki/%C4%90a_t%E1%BA%A1p},
  note = {Accessed on April 23, 2024}
}

@misc{cohen2018sphericalcnns,
      title={Spherical CNNs}, 
      author={Taco S. Cohen and Mario Geiger and Jonas Koehler and Max Welling},
      year={2018},
      eprint={1801.10130},
      archivePrefix={arXiv},
      primaryClass={cs.LG},
      url={https://arxiv.org/abs/1801.10130}, 
}

@misc{data_modelnet10,
      title={3D ShapeNets: A Deep Representation for Volumetric Shapes}, 
      author={Zhirong Wu and Shuran Song and Aditya Khosla and Fisher Yu and Linguang Zhang and Xiaoou Tang and Jianxiong Xiao},
      year={2015},
      eprint={1406.5670},
      archivePrefix={arXiv},
      primaryClass={cs.CV},
      url={https://arxiv.org/abs/1406.5670}, 
}

@misc{amr-guidelines,
  author = {AMR Guidelines Contributors},
  title = {AMR Guidelines},
  year = {n.d.},
  url = {https://github.com/amrisi/amr-guidelines},
  note = {Accessed on August 17, 2024}
}


@misc{worrall2017harmonicnetworksdeeptranslation,
      title={Harmonic Networks: Deep Translation and Rotation Equivariance}, 
      author={Daniel E. Worrall and Stephan J. Garbin and Daniyar Turmukhambetov and Gabriel J. Brostow},
      year={2017},
      eprint={1612.04642},
      archivePrefix={arXiv},
      primaryClass={cs.CV},
      url={https://arxiv.org/abs/1612.04642}, 
}

@misc{gcn_paper,
      title={Semi-Supervised Classification with Graph Convolutional Networks}, 
      author={Thomas N. Kipf and Max Welling},
      year={2017},
      eprint={1609.02907},
      archivePrefix={arXiv},
      primaryClass={cs.LG},
      url={https://arxiv.org/abs/1609.02907}, 
}

@misc{graph_sage,
      title={Inductive Representation Learning on Large Graphs}, 
      author={William L. Hamilton and Rex Ying and Jure Leskovec},
      year={2018},
      eprint={1706.02216},
      archivePrefix={arXiv},
      primaryClass={cs.SI},
      url={https://arxiv.org/abs/1706.02216}, 
}

@misc{gat_paper,
      title={Graph Attention Networks}, 
      author={Petar Veličković and Guillem Cucurull and Arantxa Casanova and Adriana Romero and Pietro Liò and Yoshua Bengio},
      year={2018},
      eprint={1710.10903},
      archivePrefix={arXiv},
      primaryClass={stat.ML},
      url={https://arxiv.org/abs/1710.10903}, 
}

@misc{hyperbolicneuralnetworks,
      title={Hyperbolic Neural Networks}, 
      author={Octavian-Eugen Ganea and Gary Bécigneul and Thomas Hofmann},
      year={2018},
      eprint={1805.09112},
      archivePrefix={arXiv},
      primaryClass={cs.LG},
      url={https://arxiv.org/abs/1805.09112}, 
}

@misc{schütt2017schnetcontinuousfilterconvolutionalneural,
      title={SchNet: A continuous-filter convolutional neural network for modeling quantum interactions}, 
      author={Kristof T. Schütt and Pieter-Jan Kindermans and Huziel E. Sauceda and Stefan Chmiela and Alexandre Tkatchenko and Klaus-Robert Müller},
      year={2017},
      eprint={1706.08566},
      archivePrefix={arXiv},
      primaryClass={stat.ML},
      url={https://arxiv.org/abs/1706.08566}, 
}

@misc{gilmer2017neuralmessagepassingquantum,
      title={Neural Message Passing for Quantum Chemistry}, 
      author={Justin Gilmer and Samuel S. Schoenholz and Patrick F. Riley and Oriol Vinyals and George E. Dahl},
      year={2017},
      eprint={1704.01212},
      archivePrefix={arXiv},
      primaryClass={cs.LG},
      url={https://arxiv.org/abs/1704.01212}, 
}